@misc{qualcomm-lte-unlicensed,
  key = "LTE qualcomm",
  title = "{Qualcomm} wants {LTE} deployed in unlicensed spectrum",
  note = "\url{http://www.fiercewireless.com/story/qualcomm-wants-lte-deployed-unlicensed-spectrum/2013-11-21}",
}

@misc{qualcomm-lte-unlicensed2,
  key = "LTE qualcomm 2",
  title = "You Know LTE/LTE Advanced... But How About in Unlicensed Spectrum?",
  note = "\url{http://www.qualcomm.com/media/blog/2013/11/20/ltelte-advanced-unlicensed-spectrum}",
}

@misc{huawei-lte-unlicensed,
  key = "LTE huawei",
  title = "The unlicensed spectrum usage for Future {IMT} Technologies -- Effecient {LTE} technologie enables better performance and experience",
  note = "Huawei",
}


@misc{huawei-lte-unlicensed2,
  key = "LTE huawei",
  title = "Huawei {U-LTE} Solution Creates New Market Opportunities for Mobile Operators",
  note = "\url{http://www.huawei.com/ilink/en/about-huawei/newsroom/press-release/HW_327768}",
}

@misc{airheads,
  key = "Airheads Community",
  title = "{What is the relationship between data rate, SNR, and RSSI?}",
  note = "\url{http://community.arubanetworks.com/t5/Controller-Based-WLANs/What-is-the-relationship-between-data-rate-SNR-and-RSSI/ta-p/178312}",
}

@misc{victorwhitespace,
  author = "Victor Bahl",
  title = "{White Space Networking Part I:Introduction}",
  note = "\url{http://research.microsoft.com/en-us/um/people/bahl/Present/WSC/Talk%201%20-%20White%20Space%20Networking.pdf}",
  year = "June 2014",
}



@misc{ericsson-unlicensed,
  title = "Ericsson first to give smartphone users indoor boost with License Assisted Access",
  key = "ericsson-unlicensed",
  note = "url{http://www.ericsson.com/news/1884277}",
}

@article{802.11,
   author = "LAN/MAC Standard Committee of the {IEEE} Computer Society",
   title = "Wireless {LAN} medium access control {(MAC)} and physical layer {(PHY)} specifications",
   journal = "{IEEE} Standard 802.11",
   year = "2007",
}

@inproceedings{LTEPHYa,
author = {Mehlfuehrer, C. and Wrulich, M. and Ikuno, J. C. and Bosanska, D. and Rupp, M.}, 
title = {Simulating The Long Term Evolution Physical Layer},
booktitle = {{EUSIPCO}},
year = {2009},
}


@BOOK{LTEbook,
author={Sesia, S. and Toufik, I. and Baker, M.},
title={LTE: The UMTS Long Term Evolution, From Theory to Practice},
edition-={2nd},
publisher={Wiley},
year={2011}	
}


@BOOK{LTEbullets,
author={Johnson, C.},
title={{LTE} in bullets},
edition-={2nd},
publisher={Chris Johnson},
year={2012}	
}


@inproceedings{Fermi,
author = {Arslan, M. and Yoon, J. and Sundaresan, K. and Krishnamurthy, S. and Banerjee, S.},
title = {{FERMI}: A Femtocell Resource Management System for Interference Mitigation in OFDMA Networks},
booktitle = {{Mobicom}},
year = {2011}
}
 
@techreport{stone_attenuation,
author = {W. C. Stone}, 
tutle = {{NIST Construction Automation Program
Report No. 3: Electromagnetic Signal Attenuation in
Construction Materials}},
institution = {{ NIST}}, 
month = {{ Oct.}},
year = { 1997}
}

@inproceedings{Rice_af,
author = {Flores, A. and Guerra, R. and Knightly, E. and Ecclesine, P. and Pandey, S.},
title = {{IEEE 802.11af: A Standard for TV White Space Spectrum Sharing}},
booktitle = {{IEEE Communications Magazine}},
year = {2013}
}



@inproceedings{prach,
author = {Xiaobin Yang, Fapojuwo, A.O.},
title = {Enhanced preamble detection for {PRACH} in {LTE}},
booktitle = {Wireless Communications and Networking Conference ({WCNC})},
year = {2013}
}



@misc{etsi_tvws,
author = {{ETSI EN 301 598}},
title = {White Space Devices ({WSD}); Wireless Access Systems operating in the 470 {MHz} to 790 {MHz}
{TV} broadcast band; Harmonized {EN} covering the essential requirements of article 3.2 of the {R\&TTE} Directive},
year = 2014
}


@misc{paws,
author = {{IETF}},
title = {Protocol to Access {WS} database ({PAWS})},
year = 2014,
note = "\url{https://www.ietf.org/wg/concluded/paws.html}"
}


@TechReport {wifixl,
author       = {Apurv Bhartia and Mahanth Gowda and Krishna Kant Chintalapudi and Bozidar
                Radunovic and Ramachandran Ramjee and Deeparnab Chakrabarty and Lili Qiu and
                Romit Roy Chowdhury},
month        = {September},
number       = {MSR-TR-2014-132},
publisher    = {Microsoft Research},
title        = {WiFi-XL: Extending WiFi to Wide Areas in White Spaces},
url          = {http://research.microsoft.com/apps/pubs/default.aspx?id=230201},
year         = {2014},
}


@inproceedings{iqhop,
 author = {Bhartia, Apurv and Chakrabarty, Deeparnab and Chintalapudi, Krishna and Qiu, Lili and Radunovic, Bozidar and Ramjee, Ramachandran},
 title = {IQ-Hopping: Distributed Oblivious Channel Selection for Wireless Networks},
 booktitle = {Proceedings of the 17th ACM International Symposium on Mobile Ad Hoc Networking and Computing},
 series = {MobiHoc '16},
 year = {2016},
 isbn = {978-1-4503-4184-4},
 location = {Paderborn, Germany},
 pages = {81--90},
 numpages = {10},
 url = {http://doi.acm.org/10.1145/2942358.2942376},
 doi = {10.1145/2942358.2942376},
 acmid = {2942376},
 publisher = {ACM},
 address = {New York, NY, USA},
} 




@BOOK{smallcellbook,
author={Holma, H. and Toskala, A. and Reunanen, J.},
title={{LTE} Small Cell Optimization: {3GPP} Evolution to Release 13},
publisher={Wiley},
year={2016}	
}


@misc{36_213,
author = {{ETSI TS 136 213}},
title = {{LTE}; Evolved Universal Terrestrial Radio Access ({E-UTRA}); Physical layer procedures ({3GPP TS 36.213} version 8.3.0 Release 8)},
year = 2008
}

@misc{36_211,
author = {{ETSI TS 136 211}},
title = {{LTE}; Evolved Universal Terrestrial Radio Access ({E-UTRA}); Physical channels and modulation ({3GPP TS 36.211} version 8.3.0 Release 8)},
year = 2008
}

@misc{36_101,
author = {{ETSI TS 136 101}},
title = {{LTE}; Evolved Universal Terrestrial Radio Access ({E-UTRA}); User Equipment ({UE}) radio transmission and reception ({3GPP TS 36.101} version 12.12.0 Release 12)},
year = 2016
}

@misc{36_104,
author = {{ETSI TS 136 104}},
title = {{LTE}; Evolved Universal Terrestrial Radio Access ({E-UTRA}); Base Station (BS) radio transmission and reception ({3GPP TS 36.104} version 12.12.0 Release 12)},
year = 2016
}


 
@article{propfair,
 author = {Andrews, M. and Kumaran, K. and Ramanan, K. and Stolyar, A. and Whiting, P. and Vijayakumar, R.},
 title = {Providing Quality of Service over a Shared Wireless Link},
 journal = {Comm. Mag.},
 volume = {39},
 number = {2},
 month = feb,
 year = {2001},
 pages = {150--154},
} 



@misc{ns3url,
  key = "ns-3 project",
  title = "ns-3 simulator",
  note = "\url{https://www.nsnam.org/}",
}


@TechReport {trafficmodel,
author       = {Lee, J. J. and Gupta, M.},
month        = {September},
number       = {MSR-TR-2014-132},
publisher    = {Intel},
title        = {A New Traffic Model for Current USer Web Browsing Behavior},
url          = {http://blogs.intel.com/wp-content/mt-content/com/research/HTTP\%20Traffic\%20Model_v1\%201\%20white\%20paper.pdf},
year         = {2007}
}


@inproceedings{thinktime,
 author = {Butkiewicz, Michael and Madhyastha, Harsha V. and Sekar, Vyas},
 title = {Understanding Website Complexity: Measurements, Metrics, and Implications},
 booktitle = {Proceedings of the 2011 ACM SIGCOMM Conference on Internet Measurement Conference},
 series = {IMC '11},
 year = {2011},
 location = {Berlin, Germany},
 pages = {313--328},
} 


@misc{ipa,
  key = "IP Access",
  title = "Enterprise and Public Access",
  note = "\url{http://www.ipaccess.com/en/public-access}",
}

@misc{fon,
  key = "Wikipedia",
  title = "FON",
  note = "\url{https://en.wikipedia.org/wiki/FON}",
}


@inproceedings{wifinano,
 author = {Magistretti, Eugenio and Chintalapudi, Krishna Kant and Radunovic, Bozidar and Ramjee, Ramachandran},
 title = {WiFi-Nano: Reclaiming WiFi Efficiency Through 800 Ns Slots},
 booktitle = {Proceedings of the 17th Annual International Conference on Mobile Computing and Networking},
 series = {MobiCom '11},
 year = {2011},
 location = {Las Vegas, Nevada, USA},
 pages = {37--48}
} 



@InProceedings{long-range-802.11,
title = "Long Distance 802.11b Links: Performance Measurements and Experience",
author = "Kameswari Chebrolu and Bhaskaran Raman and Sayandeep Sen",
booktitle = "Proc. of ACM MobiCom",
year = "2006",
}


@inproceedings{SRH+03,
    author = "G. Berger-Sabbatel and F. Rousseau and M. Heusse and A. Duda",
    title = "Performance Anomaly of 802.11b",
    booktitle = "Proc. of {IEEE} INFOCOM~'2003",
    month = "Jun.",
    year = "2003",
}

@InProceedings{client-deriven,
title = "A Client-driven Approach for Channel Management in Wireless LANs",
author = "Arunesh Mishra and Vladimir Brik and Suman Banerjee and Aravind Srinivasan and William Arbaugh",
booktitle = "Proc. of {IEEE} INFOCOM",
year = "2006",
}

@InProceedings{load-aware,
title = "Load-Aware Spectrum Distribution in Wireless LANs",
author = "Thomas Moscibroda and Ranveer Chandra and Yunnan Wu and Sudipta Sen gupta and Paramvir Bahl and Yuan Yuan",
booktitle = "Proc. of {IEEE} ICNP",
year = "2008",
}

@InProceedings{co-existence,
title = "Supporting WiFi and LTE Co-existence",
author = "Sangki Yun and Lili Qiu",
booktitle = "Proc. of {IEEE} INFOCOM",
year = "2015",
}

@InProceedings{radion,
title = "A Distributed Resource Management Framework for Interference Mitigation in OFDMA Femtocell Networks",
author = "Jongwon Yoon and Mustafa Y. Arslan and Karthikeyan Sundaresan and Srikanth V. Krishnamurthy and Suman Banerjee",
booktitle = "Proc. of ACM MobiHoc",
year = "2012",
}

@misc{wifi80222,
  key = "Wikipedia",
  title = "802.22",
  note = "\url{https://en.wikipedia.org/wiki/IEEE_802.22}",
}


@misc{quora,
  key = "Quora",
  title = "How many people does one cell tower usually cover?",
  note = "\url{https://www.quora.com/How-many-people-does-one-cell-tower- usually-cover-And-how-many-3G- HSDPA-simultaneous-users}",
}


@misc{fcc,
  key = "FCC",
  title = "Second memorandum opinion and order (FCC 10-174)",
  note = "\url{https://apps.fcc.gov/edocs_public/attachmatch/FCC-10-174A1.pdf}",
}


@misc{fcc_600,
  key = "FCC",
  title = "Broadcast Incentive Auction",
  note = "\url{https://www.fcc.gov/about-fcc/fcc-initiatives/incentive-auctions}",
}


@misc{fcc_db,
  key = "FCC",
  title = "White Space Database Administration",
  note = "\url{https://www.fcc.gov/general/white-space-database-administration}",
}

@misc{ofcom_db,
  key = "Ofcom",
  title = "White Space Database Operators",
  note = "\url{https://tvws-databases.ofcom.org.uk/}",
}



@TechReport {lteu-google,
author       = {Jindal, N. and Breslin, D.},
publisher    = {Google},
title        = {LTE and Wi-Fi in Unlicensed Spectrum: A Coexistence Study},
year         = {2015},
}


@TechReport {802.22,
author       = {Mody, A. and Chouinard, G.},
publisher    = {{IEEE}},
title        = {IEEE 802.22 Wireless Regional Area Networks},
year         = {2010},
}

@misc{weightless,
  key = "Weightless",
  title = "Weightless SIG",
  note = "\url{http://www.weightless.org}"
}


@TechReport{radisys-lte,
author = {Surampudi, P. and Mohanty, S.},
title = {{LTE}-Advanced in White Space -- A Complementary Technology}, 
publisher = {{Radisys}},
note = "\url{http://go.radisys.com/rs/radisys/images/paper-lte-white-space.pdf}",
year = {2011}
}

@inproceedings{lteuforum_lteu,
 author = {Alcatel-Lucent, Ericsson, LG Electronics and Qualcomm, etc.}, 
 title = {{LTE-U} {SDL} Coexistence Specifications},
 organization = {LTE-U Forum},
 month = {October},
 year = {2015}
}

@inproceedings{jian2015coexistence,
  title={Coexistence of Wi-Fi and LAA-LTE: Experimental evaluation, analysis and insights},
  author={Jian, Yubing and Shih, Chao-Fang and Krishnaswamy, Bhuvana and Sivakumar, Raghupathy},
  booktitle={Communication Workshop (ICCW), 2015 IEEE International Conference on},
  year={2015},
  organization={IEEE}
}

@misc{36_423,
author = {{ETSI TS 36 423}},
title = {X2 application protocol (X2AP), release 10)},
year = 2013
}



@Inproceedings{whitefi,
author       = {Paramvir Bahl and Ranveer Chandra and Thomas Moscibroda and Rohan Murty and Matt
                Welsh},
booktitle    = {ACM SIGCOMM},
institution  = {Microsoft},
month        = {August},
publisher    = {Association for Computing Machinery, Inc.},
title        = {White Space Networking with Wi-Fi like Connectivity},
url          = {http://research.microsoft.com/apps/pubs/default.aspx?id=80952},
year         = {2009},
}


@misc{nominet,
author = {Nominet},
title = {TV White Space Database},
note = "\url{http://www.nominet.uk/emerging-technology/tv-white-space/}",
}

@misc{uni_broadband,
author = {Wikipedia},
title = {Broadband universal service},
note = "\url{https://en.wikipedia.org/wiki/Broadband_universal_service}",
}

@inproceedings{idle_sense,
 author = {Heusse, Martin and Rousseau, Franck and Guillier, Romaric and Duda, Andrzej},
 title = {Idle Sense: An Optimal Access Method for High Throughput and Fairness in Rate Diverse Wireless LANs},
 booktitle = {Proceedings of the 2005 Conference on Applications, Technologies, Architectures, and Protocols for Computer Communications},
 series = {SIGCOMM '05},
 year = {2005},
 isbn = {1-59593-009-4},
 location = {Philadelphia, Pennsylvania, USA},
 pages = {121--132},
 numpages = {12},
 url = {http://doi.acm.org/10.1145/1080091.1080107},
 doi = {10.1145/1080091.1080107},
 acmid = {1080107},
 publisher = {ACM},
 address = {New York, NY, USA},
 keywords = {802.11, access methods, fairness, wireless LANs},
} 


@misc{tr69,
  author = {Broadband Forum},
  title = {TR-196: Femto Access Point Service Data Model},
  note = "\url{https://www.broadband-forum.org/technical/download/TR-196.pdf}",
}


@inproceedings{dyspan_lte12,
  added-at = {2015-10-04T00:00:00.000+0200},
  author = {Beluri, Mihaela C. and Bala, Erdem and Dai, Yuying and Girolamo, Rocco Di and Freda, Martino and Gauvreau, Jean-Louis and Laughlin, Scott and Purkayastha, Debashish and Touag, Athmane},
  biburl = {http://www.bibsonomy.org/bibtex/20117b2ef252d816683cab6524bfb3615/dblp},
  booktitle = {DySPAN},
  ee = {http://dx.doi.org/10.1109/DYSPAN.2012.6478155},
  interhash = {ef6164aeeecf8bea3c08c49eada5f4be},
  intrahash = {0117b2ef252d816683cab6524bfb3615},
  isbn = {978-1-4673-4447-0},
  keywords = {dblp},
  pages = {317-326},
  publisher = {IEEE},
  timestamp = {2015-10-06T11:34:18.000+0200},
  title = {Mechanisms for LTE coexistence in TV white space.},
  url = {http://dblp.uni-trier.de/db/conf/dyspan/dyspan2012.html#BeluriBDGFGLPT12},
  year = 2012
}


@misc{radisys,
  author = {Surampudi, P. and Mohanty, S.},
  title = {LTE-Advanced in White Space -- A Complementary Technology},
  note = "\url{http://go.radisys.com/rs/radisys/images/paper-lte-white-space.pdf}",
}

@misc{cellfi-tech,
  author = {},
  title = {CellFi Technical Report},
  note = "\url{http://www.cs.utexas.edu/~ghufran/CellFi-techreport.pdf}",
}

@misc{multefire,
  author = {},
  title = {MulteFire Release 1.0 Technical Paper: A new way to wireless},
  note = "\url{https://www.multefire.org/wp-content/uploads/MulteFire-Release-1.0-whitepaper_FINAL.pdf}",
}
